@book{demtroeder:ex3,
	title = {{Experimentalphysik 3 : Atome, Moleküle und Festkörper}},
	series = {Springer-Lehrbuch},
	author = {Wolfgang Demtröder},
	address = {Berlin, Heidelberg},
	publisher = {Springer-Verlag Berlin Heidelberg},
	year = {2009},
	ISBN = {978-3-642-03910-2},
	pages = {... S.},
	keywords = { ; Physics},
	note = {Online-Ausg.:},
	location = { / },
	url = {http://dx.doi.org/10.1007/978-3-642-03911-9},
}

@book{demtroeder:laserspektroskopie,
	title = {{Laserspektroskopie : Grundlagen und Techniken}},
	author = {Demtröder, Wolfgang },
	address = {Berlin {[u.a.]}},
	publisher = {Springer},
	year = {1993},
	edition = {3. Aufl.},
	ISBN = {3-540-56404-7 ; 978-3-540-56404-1},
	pages = {XV, 636 S.},
	keywords = {Laserspektroskopie},
	note = {Literaturverz. S. 587 - 629},
	location = {Universität Mainz, Zentralbibliothek / MAG [Signatur: BC 3051];
	Universität Mainz, Bereichsbibliothek Physik, Mathematik, Chemie / PMC [Signatur: UH 5710 DEM1 (3) +2];
	Universität Mainz, Bereichsbibliothek Physik, Mathematik, Chemie / PMC [Signatur: UH 5710 DEM1 (3)];}
}

@book{saleh:grundlagen_der_photonik,
	title = {{Grundlagen der Photonik}},
	series = {Lehrbuch Physik},
	author = {Saleh, Bahaa E. A. ; Teich, Malvin Carl },
	address = {Weinheim},
	publisher = {Wiley-VCH},
	year = {2008},
	edition = {2., vollst. überarb. und erw. Aufl.},
	ISBN = {3-527-40677-8 ; 978-3-527-40677-7},
	pages = {XXIII, 1406 S.},
	keywords = {Photonik},
	note = {Auf der Rückseite des Titelbl. fälschlich: 1. Aufl.Literaturangaben},
	location = {Universität Mainz, Zentralbibliothek / LESESAAL [Signatur: NAT C 730];
	Universität Mainz, Zentralbibliothek / LBS [Signatur: 33H 151,2.Aufl.];
	Universität Mainz, Bereichsbibliothek Physik, Mathematik, Chemie / PMC [Signatur: UH 5000 SAL2 (2)];
	Universität Mainz, Bereichsbibliothek Physik, Mathematik, Chemie / PMC [Signatur: UH 5000 SAL2 (2) +2];
	},
	url = {http://scans.hebis.de/HEBCGI/show.pl?19763056_toc.pdf ; http://deposit.d-nb.de/cgi-bin/dokserv?id=3018772&prov=M&dok_var=1&dok_ext=htm},
}

@book{chow:semiconductor-laser,
	title = {{Semiconductor laser physics}},
	author = {Chow, Weng W. ; Koch, Stephan W. ; Sargent, Murray },
	address = {Berlin {[u.a.]}},
	publisher = {Springer},
	year = {1997},
	edition = {Corr. printing},
	ISBN = {3-540-57614-2 ; 0-387-57614-2},
	pages = {XII, 497 S.},
	keywords = {Halbleiterlaser},
	note = {Literaturangaben},
	location = {Universität Mainz, Bereichsbibliothek Physik, Mathematik, Chemie / PMC [Signatur: UH 5610 CHO1];
	Universität Mainz, Bereichsbibliothek Physik, Mathematik, Chemie / PMC [Signatur: UH 5610 CHO1 +2];}
}

@book{blum:density_matrix_theory,
	title = {Density matrix theory and applications},
	series = {Physics of atoms and molecules},
	author = {Blum, Karl },
	address = {New York {[u.a.]}},
	publisher = {Plenum Press},
	year = {1996},
	edition = {2. ed.},
	ISBN = {0-306-45341-X},
	pages = {XV, 323 S.},
	keywords = {Dichtematrix},
	note = {Literaturverz. S. 317 - 319},
	location = {Universität Mainz, Bereichsbibliothek Physik, Mathematik, Chemie / PMC [Signatur: UK 1000 BLU1 (2)]},
}

@PHDTHESIS{noertershaeuser:1999:dissertation,
	author = {Wilfried Nörtershäuser},
	title = {{Theoretische Beschreibung und Realisation der mehrstufigen Resonanzionisation von Calcium für die hochselektive Spurenanalyse}},
	school = {Johannes Gutenberg-Universität Mainz},
	address = {Mainz, Deutschland},
	key = {Nörtershäuser},
	type = {Dissertation},
	year = {1999},
	language = {german},
}

@PHDTHESIS{schumann:2005:dissertation,
	author = {Philipp Schumann},
	title = {{Selektiver Nachweis von Uran-236 mittels hochauflösender Resonanzionisations-Massenspektrometrie}},
	school = {Johannes Gutenberg-Universität Mainz},
	address = {Mainz, Deutschland},
	key = {Schumann},
	type = {Dissertation},
	year = {2005},
	language = {german},
}

@PHDTHESIS{raeder:2011:dissertation,
	author = {Sebastian Raeder},
	title = {{Spurenanalyse von Aktiniden in der Umwelt mittels Resonanzionisations-Massenspektrometrie}},
	school = {Johannes Gutenberg-Universität Mainz},
	address = {Mainz, Deutschland},
	key = {Raeder},
	type = {Dissertation},
	year = {2011},
	language = {german},
}

@PHDTHESIS{kinder:2003:dissertation,
	author = {Thomas Kinder},
	title = {{Beiträge zur Absoluten
Distanzinterferometrie mit variabler
synthetischer Wellenlänge (VSW–ADI)}},
	school = {Ernst–Moritz–Arndt–Universität Greifswald},
	address = {Greifswald, Deutschland},
	key = {Kinder},
	type = {Dissertation},
	year = {2003},
	language = {german},
}


@MASTERTHESIS{schumann:2001:diplomarbeit,
	author = {Philipp Schumann},
	title = {{Entwicklung, Aufbau und Test eines leistungsverstärkten Halbleiterlasers für die resonante Laserionisations-Massenspektrometrie}},
	school = {Johannes Gutenberg-Universität Mainz},
	address = {Mainz, Deutschland},
	key = {Schumann},
	type = {Diplomarbeit},
	year = {2001},
	language = {german},
}

@MASTERTHESIS{kuschnick:2000:diplomarbeit,
	author = {Andreas Kuschnick},
	title = {{Frequenzkalibration zur mehrstufigen Resonanzionisation}},
	school = {Johannes Gutenberg-Universität Mainz},
	address = {Mainz, Deutschland},
	key = {Kuschnick},
	type = {Diplomarbeit},
	year = {2000},
	language = {german},
}

@MASTERTHESIS{wiche:1997:diplomarbeit,
	author = {Burkhard Wiche},
	title = {{Aufbau der Steuerung und Stabilisierung eines Diodenlasersystems}},
	school = {Johannes Gutenberg-Universität Mainz},
	address = {Mainz, Deutschland},
	key = {Wiche},
	type = {Diplomarbeit},
	year = {1997},
	language = {german},
}

@MASTERTHESIS{blaum:1997:diplomarbeit,
	author = {Klaus Blaum},
	title = {{Optimierung eines Quadrupol-Massenspektrometers zur isotopenselektiven Ultraspurenbestimmung}},
	school = {Johannes Gutenberg-Universität Mainz},
	address = {Mainz, Deutschland},
	key = {Blaum},
	type = {Diplomarbeit},
	year = {1997},
	language = {german},
}

@MASTERTHESIS{raeder:2006:diplomarbeit,
	author = {Sebastian Raeder},
	title = {{Spektroskopie und Spurenanalyse im Uran
mittels Resonanzionisations-Massenspektrometrie}},
	school = {Johannes Gutenberg-Universität Mainz},
	address = {Mainz, Deutschland},
	key = {Raeder},
	type = {Diplomarbeit},
	year = {2006},
	language = {german},
}

@article{fano:1961:PhysRev.124.1866,
	month = {Dec},
	title = {Effects of Configuration Interaction on Intensities and Phase Shifts},
	publisher = {American Physical Society},
	author = {Fano, U.},
	year = {1961},
	url = {http://link.aps.org/doi/10.1103/PhysRev.124.1866},
	pages = {1866--1878},
	volume = {124},
	journal = {Phys. Rev.},
	doi = {10.1103/PhysRev.124.1866},
	issue = {6},
}

@book{connerade:1998:highly_excited_atoms,
	title={Highly excited atoms},
	author={Connerade, J.P.},
	isbn={9780521432320},
	lccn={96039294},
	series={CAMBRIDGE MONOGRAPHS ON PHYSICS},
	url={http://books.google.at/books?id=PtIc\_kAk\_M4C},
	year={1998},
	publisher={Cambridge University Press}
}

@MISC{bloch:atomphysik,
	author = {Immanuel Bloch},
	title = {Atomphysik},
	year = {2008}
}

@MISC{rauschenbeutel:atomphysik,
	author = {Arno Rauschenbeutel },
	title = {Atomphysik},
	year = {2007},
}

@MISC{kuhr:quantenoptik,
	author = {Stefan Kuhr},
	title = {Quantenoptik},
	year = {2008},
}

@MISC{rauschenbeutel:quantenoptik,
	author = {Arno Rauschenbeutel },
	title = {Quantenoptik},
	year = {2009},
}

@MISC{noertershaeuser:physik_des_lasers,
	author = {Wilfried Nörtershäuser},
	title = {Physik des Lasers},
	year = {2008},
}

@MANUAL{iscan_hardware_guide,
	title = {iScan Hardware Guide},
	organisation = {TEM Messtechnik GmbH},
	address = {Hannover, Germany},
	year = {2009}
}

@MANUAL{wavemeter_hardware_guide,
	title = {Wavelength Meter \AA ngstrom WS Ultimate User Manual},
	organisation = {High Finesse},
	address = {Tübingen, Germany}
}

@MANUAL{counterkarte_laserstabilisierung,
	title = {Laserstabilisierung EDF0611Boe},
	organisation = {Michael Boeßenecker, WA Quantum, Institut für Physik},
	address = {Mainz, Germany},
	year = {2011}
}

@MANUAL{counterkarte_countraten,
	title = {32-Bit Counter EDF0910Boe},
	organisation = {Michael Boeßenecker, WA Quantum, Institut für Physik},
	address = {Mainz, Germany},
	year = {2010}
}

@MANUAL{signalgenerierung,
	title = {Signalgenerierung Schaltplan EAF011111},
	organisation = {P. Höldtke, Institut für Physik},
	address = {Mainz, Germany},
	year = {2001}
}

@MANUAL{laselock,
	title = {LaseLock Hardware Guide},
	organisation = {TEM Messtechnik GmbH},
	address = {Hannover, Germany},
	year = {xxxx}
}

@article{PhysRevA.38.1616,
  volume = {38},
  journal = {Phys. Rev. A},
  month = {Aug},
  author = {Tanner, Carol E. and Wieman, Carl},
  title = {Precision measurement of the hyperfine structure of the $^{133}\mathrm{Cs}$ 6${P}_{3/2}$ state},
  year = {1988},
  url = {http://link.aps.org/doi/10.1103/PhysRevA.38.1616},
  doi = {10.1103/PhysRevA.38.1616},
  issue = {3},
  publisher = {American Physical Society},
  pages = {1616--1617}
}
